<record><leader>00000cas a22000007a 4500</leader><controlfield tag="001">11975825</controlfield><controlfield tag="008">850429d19001963utuwr ne      0    0eng d</controlfield><datafield ind1=" " ind2=" " tag="010"><subfield code="a">sn 85058128 </subfield></datafield><datafield ind1=" " ind2=" " tag="040"><subfield code="a">UNP</subfield><subfield code="b">eng</subfield><subfield code="c">UNP</subfield><subfield code="d">OCL</subfield><subfield code="d">OCLCQ</subfield><subfield code="d">ONB</subfield><subfield code="d">OCLCO</subfield><subfield code="d">OCLCF</subfield></datafield><datafield ind1="1" ind2=" " tag="029"><subfield code="a">AU@</subfield><subfield code="b">000023435418</subfield></datafield><datafield ind1=" " ind2=" " tag="042"><subfield code="a">msc</subfield></datafield><datafield ind1="0" ind2=" " tag="130"><subfield code="a">Emery County progress (Castle Dale, Utah : 1900)</subfield></datafield><datafield ind1="1" ind2="0" tag="245"><subfield code="a">Emery County progress.</subfield></datafield><datafield ind1=" " ind2=" " tag="260"><subfield code="a">Castle Dale, Utah :</subfield><subfield code="b">Crockett Bros.,</subfield><subfield code="c">-1963.</subfield></datafield><datafield ind1=" " ind2=" " tag="300"><subfield code="a">v. :</subfield><subfield code="b">ill.</subfield></datafield><datafield ind1=" " ind2=" " tag="310"><subfield code="a">Weekly</subfield></datafield><datafield ind1="1" ind2=" " tag="362"><subfield code="a">Began with Sept. 1, 1900 issue.</subfield><subfield code="z">Cf. Alter, J.C. Early Utah journalism.</subfield></datafield><datafield ind1="0" ind2=" " tag="362"><subfield code="a">-v. 64, no. 29 (Sept. 26, 1963).</subfield></datafield><datafield ind1=" " ind2=" " tag="580"><subfield code="a">Continues: Emery County record (non-extant?). Cf. Alter, J.C. Early Utah journalism.</subfield></datafield><datafield ind1=" " ind2=" " tag="580"><subfield code="a">Merged with: Green River leader (non-extant?), to form: Emery County progress-leader.</subfield></datafield><datafield ind1=" " ind2=" " tag="588"><subfield code="a">Description based on: Vol. 1, no. 2 (Sept. 8, 1900).</subfield></datafield><datafield ind1=" " ind2="0" tag="651"><subfield code="a">Castle Dale (Utah)</subfield><subfield code="x">Newspapers.</subfield></datafield><datafield ind1=" " ind2="7" tag="655"><subfield code="a">Newspapers.</subfield><subfield code="2">fast</subfield><subfield code="0">(OCoLC)fst01423814</subfield></datafield><datafield ind1=" " ind2="7" tag="651"><subfield code="a">Utah</subfield><subfield code="z">Castle Dale.</subfield><subfield code="2">fast</subfield><subfield code="0">(OCoLC)fst01300743</subfield></datafield><datafield ind1=" " ind2=" " tag="752"><subfield code="a">United States</subfield><subfield code="b">Utah</subfield><subfield code="c">Emery</subfield><subfield code="d">Castle Dale.</subfield></datafield><datafield ind1="1" ind2="0" tag="780"><subfield code="t">Emery County record</subfield></datafield><datafield ind1="1" ind2="7" tag="785"><subfield code="t">Green River leader</subfield></datafield><datafield ind1="1" ind2="7" tag="785"><subfield code="t">Emery County progress-leader</subfield><subfield code="w">(DLC)sn 85058129</subfield><subfield code="w">(OCoLC)11975850</subfield></datafield></record>